EJEMPLO DE LINK CITADO EN BIBTEX
"@"misc{bworld,
  author = {Ingo Lütkebohle},
  title = {{BWorld Robot Control Software}},
  howpublished = "\url{http://aiweb.techfak.uni-bielefeld.de/content/bworld-robot-control-software/}",
  year = {2008}, 
  note = "[Online; accessed 19-July-2008]"
}
@misc{wikifrank,
shorthand = {Wiki Frank},
title = {{Wikipedia Frank Rosenblatt}},
howpublished = "\url{https://es.wikipedia.org/wiki/Frank_Rosenblatt}",
}

@misc{wikipercept,
shorthand = {Wiki Percept},
title = {{Wikipedia Perceptrón}},
howpublished = "\url{https://es.wikipedia.org/wiki/Perceptr\%C3\%B3n}",
}


@misc{wikimultilayer,
title = {{Wikipedia Perceptrón Multicapas}},
howpublished = "\url{https://es.wikipedia.org/wiki/Perceptr\%C3\%B3n_multicapa}",
}

@misc{wikigan,
tittle = {{Wikipedia Redes Antagónicas}},
howpublished = "\url{https://es.wikipedia.org/wiki/Red_generativa_antagónica},
}
@misc{rapidminer,
title = {{Sitio de Rapid Miner}},
howpublished = "\url{https://rapidminer.com/glossary/generative-adversarial-networks}",
}
@misc{techreview,
title = {{Sitio deTechnology Review}},
 howpublished = "\url{https://www.technologyreview.com/2018/02/21/145289/the-ganfather-the-man-whos-given-machines-the-gift-of-imagination/}",
}
@misc{puentesdigit,
title = {{Sitio de Puentes Digitales}},
howpublished = "\url{https://puentesdigitales.com/2019/04/05/todo-lo-que-necesitas-saber-sobre-las-gan-redes-generativas-antagonicas/}",
}
@misc{wikilogit,
title = {{Wikipedia Regresión Logística}},
howpublished = "\url{https://en.wikipedia.org/wiki/Logistic_regression}",
}

@misc{wikiyann,
title = {{Wikipedia Yann LeCun}},
howpublished = "\url{https://es.wikipedia.org/wiki/Yann_LeCun}",
}

@misc{wikigeoffrey,
title = {{Wikipedia Geoffrey Hinton}},
howpublished = "\url{https://en.wikipedia.org/wiki/Geoffrey_Hinton}",
}

@misc{wikipierre,
title = {{Wikipedia Pierre Francois Verhulst}},
howpublished = "\url{https://en.wikipedia.org/wiki/Pierre_Fran\%C3\%A7ois_Verhulst}",
}

@misc{abriefhistory,
title = {{A Brief History of Neural Nets and Deep Learning}},
howpublished = "\url{https://www.skynettoday.com/overviews/neural-net-history}",
}
